@book{nocedal2006numerical,
  title={Numerical optimization},
  author={Nocedal, Jorge and Wright, Stephen J},
  year={2006},
  publisher={Springer},
  address={New York, NY},
  note={Second Edition}
}

@book{absil2008optimization,
  title={Optimization algorithms on matrix manifolds},
  author={Absil, Pierre-Antoine and Mahony, Robert and Sepulchre, Rodolphe},
  publisher={Princeton University Press},
  address={Princeton, New Jersey},
  year={2008}
}